@book{li_music_2011,
	address = {Boca Raton, FL, USA},
	edition = {1st},
	title = {Music {Data} {Mining}},
	isbn = {978-1-4398-3552-4},
	publisher = {CRC Press, Inc.},
	author = {Li, Tao and Ogihara, Mitsunori and Tzanetakis, George},
	year = {2011},
	file = {Music Data Mining [Li, Ogihara & Tzanetakis 2011-07-12].pdf:C\:\\Users\\Rares\\Zotero\\storage\\4RE6YPKM\\Music Data Mining [Li, Ogihara & Tzanetakis 2011-07-12].pdf:application/pdf}
}
@inproceedings{dhanaraj2005automatic,
  title={Automatic Prediction of Hit Songs.},
  author={Dhanaraj, Ruth and Logan, Beth},
  booktitle={ISMIR},
  pages={488--491},
  year={2005}
}
@inproceedings{pachet2008hit,
  title={Hit Song Science Is Not Yet a Science.},
  author={Pachet, Fran{\c{c}}ois and Roy, Pierre},
  booktitle={ISMIR},
  pages={355--360},
  year={2008}
}
@inproceedings{ni2011hit,
  title={Hit song science once again a science},
  author={Ni, Yizhao and Santos-Rodriguez, Raul and Mcvicar, Matt and De Bie, Tijl},
  booktitle={4th International Workshop on Machine Learning and Music},
  year={2011},
  organization={Citeseer}
}
@article{herremans2014dance,
  title={Dance hit song prediction},
  author={Herremans, Dorien and Martens, David and S{\"o}rensen, Kenneth},
  journal={Journal of New Music Research},
  volume={43},
  number={3},
  pages={291--302},
  year={2014},
  publisher={Taylor \& Francis}
}
@article{pham2016predicting,
  title={Predicting song popularity},
  author={Pham, James and Kyauk, Edric and Park, Edwin},
  journal={nd): n. pag. Web},
  volume={26},
  year={2016}
}
@misc{reiman2018predicting,
  title={Predicting Hit Songs with Machine Learning},
  author={Reiman, Minna and {\"O}rnell, Philippa},
  year={2018}
}
@inproceedings{kreitz2010spotify,
  title={Spotify--large scale, low latency, P2P music-on-demand streaming},
  author={Kreitz, Gunnar and Niemela, Fredrik},
  booktitle={2010 IEEE Tenth International Conference on Peer-to-Peer Computing (P2P)},
  pages={1--10},
  year={2010},
  organization={IEEE}
}
@article{bertin2011million,
  title={The million song dataset},
  author={Bertin-Mahieux, Thierry and Ellis, Daniel PW and Whitman, Brian and Lamere, Paul},
  year={2011},
  journal={n.d.}
}
@article{pedregosa2011scikit,
  title={Scikit-learn: Machine learning in Python},
  author={Pedregosa, Fabian and Varoquaux, Ga{\"e}l and Gramfort, Alexandre and Michel, Vincent and Thirion, Bertrand and Grisel, Olivier and Blondel, Mathieu and Prettenhofer, Peter and Weiss, Ron and Dubourg, Vincent and others},
  journal={Journal of machine learning research},
  volume={12},
  number={Oct},
  pages={2825--2830},
  year={2011}
}
@book{shalev2014understanding,
  title={Understanding machine learning: From theory to algorithms},
  author={Shalev-Shwartz, Shai and Ben-David, Shai},
  year={2014},
  publisher={Cambridge university press}
}
@inproceedings{kluyver2016jupyter,
  title={Jupyter Notebooks-a publishing format for reproducible computational workflows.},
  author={Kluyver, Thomas and Ragan-Kelley, Benjamin and P{\'e}rez, Fernando and Granger, Brian E and Bussonnier, Matthias and Frederic, Jonathan and Kelley, Kyle and Hamrick, Jessica B and Grout, Jason and Corlay, Sylvain and others},
  booktitle={ELPUB},
  pages={87--90},
  year={2016}
}
@book{kleinbaum2002logistic,
  title={Logistic regression},
  author={Kleinbaum, David G and Dietz, K and Gail, M and Klein, Mitchel and Klein, Mitchell},
  year={2002},
  publisher={Springer}
}
@misc{Introduc22:online,
author = {},
title = {Introduction to Support Vector Machines — OpenCV 2.4.13.7 documentation},
howpublished = {\url{https://docs.opencv.org/2.4.13.7/doc/tutorials/ml/introduction_to_svm/introduction_to_svm.html}},
month = {},
year = {},
note = {(Accessed on 04/12/2019)}
}
@misc{16Neares99:online,
author = {},
title = {1.6. Nearest Neighbors — scikit-learn 0.20.3 documentation},
howpublished = {\url{https://scikit-learn.org/stable/modules/neighbors.html#classification}},
month = {},
year = {},
note = {(Accessed on 04/12/2019)}
}
@misc{ABeginne87:online,
author = {},
title = {A Beginner's Guide to Multilayer Perceptrons (MLP) | Skymind},
howpublished = {\url{https://skymind.ai/wiki/multilayer-perceptron}},
month = {},
year = {},
note = {(Accessed on 04/12/2019)}
}
@article{zhang2004optimality,
  title={The optimality of naive Bayes},
  author={Zhang, Harry},
  journal={AA},
  volume={1},
  number={2},
  pages={3},
  year={2004}
}
@inproceedings{john1995estimating,
  title={Estimating continuous distributions in Bayesian classifiers},
  author={John, George H and Langley, Pat},
  booktitle={Proceedings of the Eleventh conference on Uncertainty in artificial intelligence},
  pages={338--345},
  year={1995},
  organization={Morgan Kaufmann Publishers Inc.}
}
@misc{CrossVal24:online,
author = {Raheel Shaikh},
title = {Cross Validation Explained: Evaluating estimator performance.},
howpublished = {\url{https://towardsdatascience.com/cross-validation-explained-evaluating-estimator-performance-e51e5430ff85}},
month = {},
year = {},
note = {(Accessed on 04/12/2019)}
}
@misc{SratifiedCv:online,
author = {},
title = {3.1. Cross-validation: evaluating estimator performance — scikit-learn 0.20.3 documentation},
howpublished = {\url{https://scikit-learn.org/stable/modules/cross_validation.html#stratified-k-fold}},
month = {},
year = {},
note = {(Accessed on 04/12/2019)}
}
@misc{CrossValVimeo:online,
author = {David Weiss},
title = {Cross Validation for Model Selection on Vimeo},
howpublished = {\url{https://vimeo.com/29569892}},
month = {},
year = {2012},
note = {(Accessed on 04/12/2019)}
}
@article{chawla2002smote,
  title={SMOTE: synthetic minority over-sampling technique},
  author={Chawla, Nitesh V and Bowyer, Kevin W and Hall, Lawrence O and Kegelmeyer, W Philip},
  journal={Journal of artificial intelligence research},
  volume={16},
  pages={321--357},
  year={2002}
}
@misc{sklearnm18:online,
author = {},
title = {sklearn.metrics.f1\_score — scikit-learn 0.20.3 documentation},
howpublished = {\url{https://scikit-learn.org/stable/modules/generated/sklearn.metrics.f1_score.html}},
month = {},
year = {},
note = {(Accessed on 04/14/2019)}
}
@misc{ROCAUC:online,
author = {Sarang Narkhede},
title = {Understanding AUC - ROC Curve – Towards Data Science},
howpublished = {\url{https://towardsdatascience.com/understanding-auc-roc-curve-68b2303cc9c5}},
month = {June},
year = {2018},
note = {(Accessed on 04/14/2019)}
}
@article{bradley1997use,
  title={The use of the area under the ROC curve in the evaluation of machine learning algorithms},
  author={Bradley, Andrew P},
  journal={Pattern recognition},
  volume={30},
  number={7},
  pages={1145--1159},
  year={1997},
  publisher={Elsevier}
}
@article{fawcett2006introduction,
  title={An introduction to ROC analysis},
  author={Fawcett, Tom},
  journal={Pattern recognition letters},
  volume={27},
  number={8},
  pages={861--874},
  year={2006},
  publisher={Elsevier}
}
@article{guyon2003introduction,
  title={An introduction to variable and feature selection},
  author={Guyon, Isabelle and Elisseeff, Andr{\'e}},
  journal={Journal of machine learning research},
  volume={3},
  number={Mar},
  pages={1157--1182},
  year={2003}
}
@misc{FeatureSel:online,
author = {Raheel Shaikh},
title = {Feature Selection Techniques in Machine Learning with Python},
howpublished = {\url{https://towardsdatascience.com/feature-selection-techniques-in-machine-learning-with-python-f24e7da3f36e}},
month = {October},
year = {2018},
note = {(Accessed on 04/14/2019)}
}
@misc{SpotifyFeatures:online,
author = {},
title = {Get Audio Features for a Track | Spotify for Developers},
howpublished = {\url{https://developer.spotify.com/documentation/web-api/reference/tracks/get-audio-features/}},
month = {},
year = {},
note = {(Accessed on 04/14/2019)}
}
@misc{WebApp:online,
author = {},
title = {Spotify Popularity Predictor},
howpublished = {\url{http://raresdn.pythonanywhere.com/}},
month = {},
year = {},
note = {(Accessed on 04/14/2019)}
}
@misc{SpotifyCharts:online,
author = {},
title = {Spotify Charts},
howpublished = {\url{https://kworb.net/spotify/}},
month = {},
year = {},
note = {(Accessed on 04/15/2019)}
}
@misc{sklearnAP:online,
author = {},
title = {sklearn.metrics.average\_precision\_score — scikit-learn 0.20.3 documentation},
howpublished = {\url{https://scikit-learn.org/stable/modules/generated/sklearn.metrics.average_precision_score.html}},
month = {},
year = {},
note = {(Accessed on 04/16/2019)}
}
@misc{FlaskOnline:online,
author = {},
title = {Welcome to Flask — Flask 1.0.2 documentation},
howpublished = {\url{http://flask.pocoo.org/docs/1.0/}},
month = {},
year = {},
note = {(Accessed on 04/16/2019)}
}
@misc{PickleOnline:online,
author = {},
title = {pickle — Python object serialization — Python 3.7.3 documentation},
howpublished = {\url{https://docs.python.org/3/library/pickle.html}},
month = {},
year = {},
note = {(Accessed on 04/16/2019)}
}
@misc{USMusicI78:online,
author = {Ed Christman},
title = {U.S. Music Industry Hits Highest Revenue Mark in a Decade, Fueled by Paid Subscriptions | Billboard},
howpublished = {\url{https://www.billboard.com/articles/business/8257558/us-music-industry-2017-highest-revenue-in-decade-fueled-paid-subscriptions}},
month = {March},
year = {2018},
note = {(Accessed on 04/17/2019)}
}
@misc{MachineArticle:online,
author = {Meghan Neal},
title = {A Machine Successfully Predicted the Hit Dance Songs of 2015 - Motherboard},
howpublished = {\url{https://motherboard.vice.com/en_us/article/bmvxvm/a-machine-successfully-predicted-the-hit-dance-songs-of-2015}},
month = {December},
year = {2015},
note = {(Accessed on 04/17/2019)}
}
@misc{SupervisedUnsupervised:online,
author = {Vihar Kurama},
title = {Unsupervised Learning with Python – Towards Data Science},
howpublished = {\url{https://towardsdatascience.com/unsupervised-learning-with-python-173c51dc7f03}},
month = {May},
year = {2018},
note = {(Accessed on 04/17/2019)}
}
@misc{LocustTest:online,
author = {},
title = {Locust - A modern load testing framework},
howpublished = {\url{https://locust.io/}},
month = {},
year = {},
note = {(Accessed on 04/18/2019)}
}
@inproceedings{ho1995random,
  title={Random decision forests},
  author={Ho, Tin Kam},
  booktitle={Proceedings of 3rd international conference on document analysis and recognition},
  volume={1},
  pages={278--282},
  year={1995},
  organization={IEEE}
}
@article{freund1997decision,
  title={A decision-theoretic generalization of on-line learning and an application to boosting},
  author={Freund, Yoav and Schapire, Robert E},
  journal={Journal of computer and system sciences},
  volume={55},
  number={1},
  pages={119--139},
  year={1997},
  publisher={Elsevier}
}
@misc{sklearnadaboost:online,
author = {},
title = {sklearn.ensemble.AdaBoostClassifier — scikit-learn 0.20.3 documentation},
howpublished = {\url{https://scikit-learn.org/stable/modules/generated/sklearn.ensemble.AdaBoostClassifier.html}},
month = {},
year = {},
note = {(Accessed on 04/26/2019)}
}
@misc{TheEchoN16:online,
author = {David Zax},
title = {The Echo Nest Makes Pandora Look Like a Transistor Radio},
howpublished = {\url{https://www.fastcompany.com/1734773/echo-nest-makes-pandora-look-transistor-radio}},
month = {},
year = {2011},
note = {(Accessed on 04/26/2019)}
}
@misc{SpotifyEchoAquisition:online,
author = {Darell Etherington},
title = {Spotify Acquires The Echo Nest, Gaining Control Of The Music DNA Company That Powers Its Rivals | TechCrunch},
howpublished = {\url{https://techcrunch.com/2014/03/06/spotify-acquires-the-echo-nest/}},
month = {},
year = {2014},
note = {(Accessed on 04/26/2019)}
}
@misc{WebAPI:online,
author = {},
title = {Web API | Spotify for Developers},
howpublished = {\url{https://developer.spotify.com/documentation/web-api/}},
month = {},
year = {},
note = {(Accessed on 04/26/2019)}
}
@misc{Spotipy:online,
author = {},
title = {Welcome to Spotipy! — spotipy 2.0 documentation},
howpublished = {\url{https://spotipy.readthedocs.io/en/latest/}},
month = {},
year = {},
note = {(Accessed on 04/26/2019)}
}
@article{wang2006shazam,
  title={The Shazam music recognition service},
  author={Wang, Avery},
  journal={Communications of the ACM},
  volume={49},
  number={8},
  pages={44--48},
  year={2006},
  publisher={ACM}
}
@misc{SVMGraph:online,
author = {Avinash Navlani},
title = {Support Vector Machines in Scikit-learn (article) - DataCamp},
howpublished = {\url{https://www.datacamp.com/community/tutorials/svm-classification-scikit-learn-python}},
month = {July},
year = {2018},
note = {(Accessed on 04/26/2019)}
}